3508 2479
2106 708 2450 762 Der Maronibrater
1805 812 2751 861 DER Maronibrater zählte zu den Winterfreuden der
1812 866 2761 914 Großstadtjugend. Sein eisernes, dampfumhülltes Of-
1812 921 2751 965 chen, aus dem es rot hervorglühte, übte gleiche An¬
1812 970 2751 1017 ziehungskraft auf frierende, zerlumpte, strolchende Pro¬
1814 1001 2756 1064 letarierkinder wie auf feine Kinder, die an der Hand
1812 1056 2751 1121 sorgsamer Mütter und Gouvernanten gingen, so gut ge-
1812 1104 2553 1158 füttert wie ihre Röckchen und Handschuhe.
1859 1145 2763 1211 Der Maronibrater war ein Bild aus dem Märchenbuch
1818 1210 2078 1266 der Großstadt.
1863 1241 2762 1306 Zwei Kastanien kosteten einen Kreuzer. Das war ein
1826 1303 2763 1361 so unverrückbarer Preis wie etwa der der Semmel. In
1826 1348 2765 1408 vielen konzentrischen Halbkreisen lagen die braunen,
1823 1388 2762 1467 mild duftenden Früchte mit geschlitzter Schale auf der
1832 1451 2772 1506 Ofenplatte, die großen am linken, die kleinen am rechten
1825 1491 2759 1555 Flügel massiert. Tüten aus Zeitungspapier waren vorbe-
1826 1549 2768 1602 reitet. Ineinandergesteckt sahen sie lustig aus, wie die
1832 1586 2759 1650 Hütchen, die der Clown im Zirkus mit dem Kopf auf-
1824 1650 2332 1697 fängt, eines über dem andern.
1871 1683 2763 1746 Dann waren noch Kartoffeln da auf der Ofenplatte,
1830 1738 2775 1797 einen Kreuzer das Stück, inklusive Salz, das in einem
1832 1795 2775 1844 eigenen winzigen Tütchen gegeben wurde. Herrlicher
1842 1843 2772 1897 Schmaus! Die dicke, geröstete Schale war das Beste. Die
1836 1890 2772 1948 Kartoffel war so heiß, daß man jeden Bissen erst eine
1836 1930 2775 1994 Zeitlang im offenen Mund auskühlen lassen mußte.
1836 1979 2779 2042 Auch Bratäpfel gab es beim Maronibrater, die dufteten
1844 2032 2782 2091 wie Weihnachten. Auf der geplatzten Schale standen
1836 2074 2783 2136 dicke zuckersüße Tröpfchen, und wo nur ein kleiner
1844 2125 2789 2189 Spalt an der Außenseite der Frucht war, dort quoll in
