3508 2479
570 521 1518 587 weißen Schaumperlen der Saft hervor. Wo die Apfel auf
570 591 1518 642 der Ofenplatte gelegen hatten, dort waren sie ganz
570 638 1510 688 schwarz, verbrannt. Aber gerade das schmeckte am köst-
575 684 1280 738 lichsten. Einen Kreuzer kostete das Stück.
611 738 1518 784 Der Maronibrater stand über sein Ofchen gebeugt
578 784 1517 843 und ordnete die Herrlichkeiten, wendete die Kartoffeln
578 835 1513 890 und Apfel, daß sie gerechterweise überall gleichmäßig
578 879 1514 937 erhitzt würden, drehte Papiertüten, schob Kohle unter
578 928 1517 986 den Rost. Er trug gewöhnlich eine krümelige schwarze
576 978 1517 1032 Pelzmütze. Der Hauch aus seinem Munde mengte sich
578 1026 1518 1083 mit dem Dampf, der von der Eisenplatte aufstieg, und
588 1072 1517 1129 sein Gesicht leuchtete feuerrot vom Glutwiderschein
584 1122 1520 1179 durch den Nebel. Wenn er gar nichts zu tun hatte, steckte
584 1171 1517 1229 er die Hände in die Taschen - ganz vornehme Maroni-
584 1223 1526 1282 brater trugen einen Muff —, trat von einem Fuß auf den
584 1268 1523 1330 andern und rief: «Heiße Maroni!», auch wenn weit und
582 1330 1112 1376 breit kein Passant in Sicht war.
627 1370 1522 1427 Meistens aber hatte der Maronibrater Gesellschaft.
582 1424 1520 1474 Der Dienstmann und die Hökersfrau und der Droschken-
582 1462 1526 1530 kutscher wärmten sich die Hände über seinem gastlichen
590 1513 1526 1570 Feuer und besprachen die Härte der Zeiten. Was man so
590 1562 1517 1619 damals «harte Zeiten» nannte! Es war ein Stück häusli-
590 1622 1530 1671 chen Idylls auf der winterlichen Straße, aufgebaut um
590 1661 1529 1721 das heilige Zentrum nordischer Geselligkeit: den Herd,
590 1716 982 1769 den Ofen, die Flamme.
628 1755 1529 1819 Heute hat der Maronibrater keine Kohlen, sondern
594 1806 1532 1866 heizt mit Holztrümmern. Auf seiner Ofenplatte liegen
588 1852 1525 1914 keine Kastanien und keine Kartoffeln, sondern Hasel-
588 1905 1529 1961 nüsse; und acht Stück der armseligen Dingerchen kosten
588 1954 1529 2010 zwanzig Heller! Es gibt auch Apfel, zwanzig Heller das
594 2019 1527 2058 Stück. Verschrumpelte, kleine, unappetitliche Exem-
594 2064 1526 2121 plare. Nicht gebraten, nur heiß gemacht. Die Kinder
1896 536 2837 578 haben kein Interesse mehr für den Maronibrater, und
1898 587 2829 634 der Maronibrater keines für die Kinder. Er hat weder
1896 635 2831 681 Pelzmütze noch Muff. In den ersten Abendstunden
1896 681 2835 731 schon löscht er sein armseliges Feuerchen und legt den
1896 730 2840 790 Ofen an eine eiserne Kette, damit er nicht von Dieben
1898 779 2393 827 fortgeschleppt werden könne.
1937 833 2683 875 Die dürfen heute auch nicht wählerisch sein.
1937 884 2840 923 Mir ist nicht um den Maronibrater leid, sondern um
1898 930 2835 979 die Kinder. Sie wachsen in einer Stadt auf, die ihnen,
1898 979 2837 1018 wohin sie blicken, nur ein vergrämtes, finsteres, hartes
1898 1019 2837 1068 Gesicht zeigt. Sie sind arm geworden. Auch in des Wortes
1898 1070 2835 1119 Sinn: arm. Das Zehnhellerstück war Reichtum in der
1896 1117 2840 1170 Hand des Großstadtkindes; es barg romantische Mög-
1896 1170 2679 1218 lichkeiten. Heute gibt’s dafür: vier Haselnüsse.
1937 1219 2345 1267 Oder eine Extrausgabe.
2317 1354 2429 1410 Wien
2272 1460 2464 1514 Der Prater
1902 1549 2843 1619 DIE großen Gasthaussäle, in denen sonst zum Klang
1896 1610 2840 1667 einer schrillen, die ganze Disharmonie der Weltordnung
1904 1659 2840 1708 erbarmungslos widertönenden Blechmusik die Paare
1896 1706 2837 1762 zweieinig den Boden stampften, sind seit Jahr und Tag
1896 1761 2835 1801 «Übikationen». Die runden weißen Tische mit den groß-
1898 1811 2837 1850 blumigen roten Tischtüchern stehen über- und ineinan¬
1898 1856 2849 1903 der verkeilt im Garten, bei den nicht mehr brennenden
1898 1904 2840 1955 zerbrochenen Gaslaternen, und aus der fröhlichen Tanz-
1896 1947 2837 2003 und Trinkstätte ist eine traurige Schlafstätte geworden.
1896 2003 2840 2050 An den Wänden hängen Tornister oder Rucksäcke, den
1904 2051 2840 2097 Boden deckt Strohlager neben Strohlager; auf einem
