3508 2479
597 610 1532 651 oder dem andern sitzt ein grauhaariger Mann in Solda-
597 659 1121 699 tentracht und flickt seine Hose.
636 704 1532 747 Draußen jammert und stöhnt die Drehorgel des Rin-
593 756 1367 802 gelspiels, aber ihr Jammern lockt keinen Gast.
636 795 1532 842 Wo sind die Kinder hin, die sonst den Prater mit ihrer
597 848 1536 895 lauten Neugier belebten? Ein paar barfüßige Straßen-
600 900 1532 954 jungen schauen durch die Glasscheiben auf die Kutsch-
600 947 1532 1003 pferde, die starr und melancholisch zurückglotzen und
593 995 1532 1042 nur leise, wie im Traum von einstigen wilden Rundga-
597 1042 1194 1090 loppaden, hin und wider schaukeln.
639 1096 1530 1139 Die Drehorgel spielt noch den Operettenmist von anno
593 1145 1537 1186 1914; obzwar grade in diesem Produktionszweig ein
593 1188 1526 1234 Nachlassen der schöpferischen Kraft während des Krieges
587 1238 1529 1282 nicht merkbar war. Aber die Drehorgel hat nichts zuge-
591 1292 1536 1338 lernt. Ihre alten Weisen klingen uralt; ein zertretener,
597 1340 1536 1387 verwester Melodienstrauß. Eine Musik, die so tönt, wie
593 1387 1532 1438 ganz ausgetrocknetes Heu riecht. Auch das waren einmal
593 1435 1537 1482 Blumen, Duft, Farben. Heute frißt’s der Esel. Wenn es ihm
587 1482 1269 1531 die hungrigen Menschen nicht wegessen.
639 1537 1536 1578 In den Gasthausgärten sitzen ein paar Frauen mit
591 1578 1536 1627 Kopftüchern, schweigend, und trinken «Kracherl». Das
587 1625 1532 1674 ist ein kleines Fläschchen Sodawasser, mit Himbeersaft-
587 1674 1532 1731 ersatz blaßrosa gefärbt. Wein ist teuer, und Bier eine
593 1728 803 1783 Erinnerung.
632 1780 1536 1826 Die Schießbuden sind ganz leer. Kein Mensch hat
597 1826 1532 1875 mehr das geringste Interesse am Schießen. Nicht mit
597 1875 1529 1923 dem Kapsel-, nicht mit Feuergewehr, nicht auf tote Fi-
597 1924 1198 1979 guren, nicht auf lebende Menschen.
630 1975 1532 2019 Hingegen findet der Watschenmann Zuspruch. An
587 2019 1537 2066 seinen vollen Wangen entladen sich die in der Volksseele
587 2067 1532 2114 aufgepeitschten Proteste. Wienerische Revolutionspro-
600 2114 748 2178 phylaxe.
1962 617 2861 664 Am Eingang des Praters befindet sich die Kriegsaus-
1923 666 2862 715 stellung. Das ist eine Ausstellung von allerlei unter den
1916 709 2861 762 Begriff Krieg zu subsumierenden Dingen. Damit doch
1918 770 2861 820 auch das Hinterland bißchen was hat von der großen
1923 802 2006 852 Zeit.
1968 853 2856 914 Von der Berg- und Talbahn herüber tönt munteres
1915 904 2861 963 Kreischen. Frauenstimmen. Es geht nämlich so rasch, so
1914 964 2589 1002 rapid rasch, so entsetzlich rasch bergab!
1961 1004 2859 1068 Und das Riesenrad dreht, aus alter Gewohnheit, leise
1912 1052 2859 1107 knarrend seine gewaltigen Speichen mit den wie Früchte
1915 1090 2455 1181 am Zweig hängenden Waggons.
1959 1145 2852 1200 Es gibt keine Kinder mehr im Prater und keine rot-
1923 1194 2856 1250 bäckigen Ammen im steifen Kattunrock und kein Bier
1922 1250 2852 1298 und keine Soldaten mit der Virginia hinterm Ohr. Es
1916 1302 2807 1347 gibt nur noch Kracherl und Staub und Übikationen.
1961 1343 2431 1402 Und eine Kriegsausstellung.
2255 1439 2500 1491 Zuckerbäcker
1907 1521 2855 1594 DIE Zuckerbäckerladen in der «inneren Stadt» sind
1908 1595 2849 1642 gesperrt. Wien ohne Konditorei! Können Sie sich das
1915 1642 2843 1690 vorstellen? Das ist etwa so wie Rom ohne Antike; oder
1907 1682 2849 1747 Henri quatre ohne Spitzbart; oder ein deutsch-österrei-
1909 1733 2580 1797 chischer Politiker ohne «voll und ganz».
1948 1784 2849 1849 Hier spielte nämlich die Zuckerbäckerei eine weit grö-
1908 1834 2849 1883 Bere Rolle, als in irgendeiner Stadt der ehemals zivilisier-
1914 1889 2850 1938 ten Erde. Unsere Literatur und Kunst fanden in der
1914 1929 2847 1987 Sachertorte ihr Symbol, ihr wahrlich geschmackvollstes
1903 1980 2840 2034 Symbol: zarter, wenig substantieller Teig und darüber
1902 2044 2840 2084 eine etwas klebrige, schimmernde Glasur. In der Schrift-
1902 2073 2281 2123 stellerei hieß sie Geist.
1940 2129 2849 2179 Hier, in diesen kleinen Konditorzimmerchen auf dem
2768 2212 2844 2259 261
