3508 2479
528 562 1468 634 «Kohlmarkt» versammelte sich die Schönheit und
530 622 1467 691 Eleganz der Stadt. Die zwangloseste Gemütlichkeit
536 689 703 739 herrschte.
575 726 1473 780 Wenn der Graf Viki - in der Konditorei nannte man
533 779 1473 835 die Aristokratie nur beim Vornamen — an einem der
542 824 1473 882 Tischchen keinen Platz fand, setzte er sich hinter den
534 863 1446 933 Ladentisch oder zur Küchentür und knabberte Süßes.
575 913 1474 982 Hier wurde der beste Kaffee, die beste Schokolade,
534 969 1480 1028 das wohlstschmeckende, zarteste Eis verabreicht. Hier
542 1020 1476 1083 fanden die Boutons der Kommerzienrätinnen nicht nur
540 1058 1481 1129 Bewunderer, sondern auch Schätzer (auf Krone und
548 1119 1479 1177 Heller genau), hier erregte eine falsche Perlenschnur
546 1171 1486 1227 keine Täuschung, sondern nur taktvoll-mitleidiges
546 1228 705 1280 Lächeln.
587 1265 1482 1323 Hier spann der Flirt Fäden, von denen manche frau-
550 1306 1493 1377 liche Existenz in Höhen der Gesellschaft gezogen und
552 1352 1492 1426 manches männliche Vermögen glatt abstranguliert
554 1425 672 1474 wurde.
597 1444 1494 1523 Hier hielten Equipagen, deren Kutscher, die Peitsche
558 1511 1487 1569 unbeweglich aufs Knie gestemmt, aussahen wie Lords in
558 1566 1494 1618 Domestikenverkleidung. Hier flossen Milch und Honig,
563 1599 1493 1664 Schlagsahne und Fruchtsäfte zu den deliziösesten Bil-
560 1648 1497 1721 dungen ineinander, es roch nach zartem Parfüm und
558 1698 1500 1770 feinsten Liköraromen, jeder kannte jeden, Hochadel und
558 1749 1497 1815 Hochfinanz verkehrten reibungslos miteinander, und die
567 1801 1504 1873 ganze Gesellschaft, wie in einen unsichtbaren Schleier
563 1852 1504 1908 von Staubzucker gehüllt, schien selbst ein kunstvolles
563 1906 1094 1958 Produkt aus Gottes Konditorei.
609 1940 1509 2010 Das ist nun vorüber. An vier Tagen der Woche ist der
569 1988 1510 2059 Zuckerbäckerladen geschlossen, an den übrigen gibt es
569 2041 1511 2108 nur wenig Bäckerei aus schwärzlichem Mehl, Bonbontü-
569 2090 1232 2158 ten ohne Bonbons, Kaffee ohne Kaffee.
573 2187 650 2235 ﻿262
1902 542 2800 603 Die Fräuleins im Geschäft sagen: Es sind harte Zeiten!
1865 593 2801 650 Graf Viki sitzt in Uniform auf dem Ladentisch - obzwar
1869 643 2804 714 jetzt anderswo Platz genug im Lokal wäre — und macht
1859 699 2287 764 ein gelangweiltes Antlitz.
1907 752 2269 802 Das süße Wien ist tot.
1904 793 2810 849 Daß es schon bei Lebzeiten nach Verwesung roch, war
1869 849 2332 907 eine Folge seiner Süßigkeit.
2241 978 2444 1051 Zigarillos
1870 1077 2810 1141 ZIGARILLoS heißt eine Zigarrensorte des k. und k. Ta¬
1873 1129 2810 1192 bakärars. Vor dem Kriege kannten sie nur wenige Zigar-
1871 1188 2814 1242 renraucher. Heute kennen nur wenige Zigarrenraucher
1881 1240 2181 1290 eine andere Sorte.
1922 1283 2816 1339 Was nämlich die Welt der Dinge anlangt, so hat der
1871 1337 2811 1383 Krieg die Erniedrigten erhöht, die Kleinen, Unbekann-
1876 1372 2813 1434 ten, Mißachteten zur Geltung gebracht. Im Reich der
1871 1434 2823 1478 Sachen ist das Proletariat heute obenauf. Also wurden
1871 1470 2824 1529 auch die Zigarillos populär, von denen vorher kein
1877 1530 2824 1586 Mensch was wußte, und von denen die, welche was
1883 1576 2388 1632 wußten, nichts wissen wollten.
1920 1620 2823 1675 «Zigarillos» klingt spanisch. Oder portugiesisch. Ich
1877 1671 2816 1724 entsinne mich, daß das klassische Hauptwerk der portu-
1889 1734 2578 1786 giesischen Literatur «Os Lusiados» heißt.
1932 1762 2816 1827 Unverständlich, daß noch kein Patriot gegen die Na-
1887 1812 2824 1873 men unserer Rauchsorten protestiert hat. Wir rauchen ja
1887 1860 2822 1922 fast durchaus feindliches Ausland! Cuba, Trabuco, Vir¬
1889 1925 2823 1982 ginia, Agyptische. Die beliebteste österreichische Zigarre
1883 1977 2804 2023 heißt: Britannica! Bitte, da muß einem ja übel werden.
1926 2018 2829 2073 Zigarillos sind kleine herzige Zigarren. Fünf, sechs
1882 2058 2828 2121 Stück von ihnen gehen in die hohle Hand. «Illos» dürfte
2751 2130 2838 2186 263
