3508 2479
591 578 1520 635 eine portugiesische Diminutivendung sein. Also etwa Zi¬
584 642 943 690 garrchen, Zigarrlein.
630 677 1524 738 Die Zigarrlein haben keine Spitze. Man weiß nicht,
588 738 1523 782 wo man sie in den Mund stecken und wo man sie anzün¬
584 785 1348 829 den soll. Im Effekt bleibt sich das aber gleich.
624 835 1531 890 Zigarillos brennen merkwürdig. Die Glut kriecht an
588 883 1523 929 einer Seite des Zigarrchens rapid rasch fort, an der an¬
591 933 1530 979 dern bleibt sie stationär. Es sieht aus wie eine fressende
588 977 1526 1027 rote Flechte. Wie ein Glimm-Ekzem. Öft auch brennt
591 1033 1527 1082 die Glut trichterförmig nach innen. Das Zigarrchen
593 1074 1526 1123 verwandelt sich dann in einen kleinen waagerechten
597 1121 1526 1178 Krater, der das tut, was bei einem Krater aus Zigaril-
593 1173 1526 1225 losmaterie doppelt verständlich ist: er speit. Rauch und
588 1225 739 1274 Funken.
632 1268 1530 1322 Die Rauchentwicklung ist erheblich. Ein dicker, krie-
593 1314 1532 1371 chender, schwärzlichgrauer substantieller Rauch. Es ist
593 1364 1535 1426 größte Vorsicht angezeigt, damit nichts von ihm in den
593 1427 834 1474 Mund gerate.
636 1472 1532 1514 Mit einer brennenden Zigarillos in der Hand kommt
588 1513 1532 1563 man durch das ganze Land. Jeder tritt bereitwillig zur
597 1568 692 1626 Seite.
638 1613 1535 1666 Manchmal hat die «Zigarillos» — ich weiß nicht, wie
597 1663 1530 1711 der portugiesische Singular heißt - keine Luft. Das ist der
597 1714 1538 1771 günstigste Fall. Man quetsche das Zigarrchen an der
593 1756 1535 1811 Spitze kräftig zwischen den Fingern, worauf seine Hülle
593 1810 1535 1858 abblättert. Dann stoße man eine Stricknadel so durch,
593 1853 1535 1904 daß sie abwechselnd links und rechts an der Seite hinaus-
597 1905 1541 1955 fährt. Hierauf schneide man sowohl oben wie unten ein
593 1956 1535 2003 etwa zentimeterbreites Stück ab, lege die also Gekürzte
593 2002 1535 2054 auf den Tisch und walze sie unter mäßigem Druck der
597 2057 1535 2107 flachen Hand einige Male hin und her. Was nach diesem
604 2104 1544 2149 Verfahren von dem Zigarrchen noch übrig ist, placiere
596 2180 674 2234 ﻿264
1916 588 2857 635 man auf den Fußboden und stampfe es mit der Stiefel¬
1923 635 2181 677 sohle zu Staub.
1962 677 2873 725 So wird man von einer Zigarillos den reinsten Genuß
1919 731 2045 778 haben.
1970 780 2861 827 Vor meinem Tabakladen hängt seit Monaten ein
1929 832 2774 875 Dauerplakat. Auf ihm steht: «Nichts Rauchbares!»
1962 881 2870 922 Es ist also immer noch die Chance, daß Zigarillos in
1925 928 2374 970 dem Laden zu haben sind.
2152 1063 2634 1122 Raubmörder in großer Zeit
1923 1157 2855 1225 DER Raubmörder Hirth wog 93 Kilo, als er ins Gefäng-
1919 1227 2852 1274 nis kam. Auf der Anklagebank, ein paar Monate später,
1923 1280 2859 1324 saßen nur mehr zirka 60 Kilo Hirth. Die Gerechtigkeit
1919 1318 2864 1364 sagte: Noch immer um 60 Kilo zuviel! und verurteilte
1923 1365 2535 1412 den Raubmörder zum Tode. Pereat.
1964 1413 2864 1466 Die Zeitungen aber sagten, er hätte sich würdelos und
1925 1467 2855 1519 gemein-egoistisch und frech benommen; und der Staats-
1923 1515 2859 1568 anwalt schleuderte diese harte Beschuldigung wider ihn:
1923 1564 2861 1610 «Er hat (in der Untersuchungshaft) nichts anderes im
1919 1614 2861 1658 Auge gehabt als sein leibliches Wohl, und sein einziges
1919 1659 2526 1706 Ziel war gute, reichliche Nahrung.»
1966 1710 2858 1763 Wodurch allein schon, allerdings, der Mann, selbst
1923 1762 2855 1818 wenn ihm gar kein Verbrechen zur Last gefallen wäre,
1913 1809 2855 1859 sich weit von den Gerechten dieser Zeit geschieden hätte,
1925 1859 2858 1906 die ja nichts im Auge haben als ihr seelisches Wohl, und
1923 1905 2861 1953 deren Interesse ganz anderen Zielen zugewandt ist als
1919 1955 2383 2010 guter, reichlicher Nahrung.
1958 2003 2861 2058 Hirth hat auch die Schlechtigkeit begangen, für Lei-
1919 2051 2858 2097 stungen, die man von ihm als Mordbeschuldigten for-
1923 2099 2858 2147 derte — Geständnisse u. dgl. —, als Gegenleistung Nah-
2787 2175 2864 2235 265
