3508 2479
545 680 1484 723 rungsmittel zu begehren. «Den Grad seines sittlichen
555 731 1484 771 Tiefstandes», sagt die Anklageschrift, «beweist ein
543 776 1481 818 Schriftstück, worin er sich anheischig macht, das Ver-
539 825 1487 869 steck des von ihm geraubten Geldes zu zeigen, wenn man
538 873 1173 931 ihm vorher anständig zu essen gäbe.»
582 920 1484 971 Solche Fraß-Erpressungsmanöver müssen besonders
539 972 1484 1019 das Ethos dieser großen Zeit zutiefst beleidigen, in der
539 1018 1478 1066 selbst von geringen Leuten, von Tabakhändlern, Schu-
539 1066 1487 1115 stem, Seifensiedern u. dgl., jeder Versuch, sie durch
545 1115 1487 1162 Anbot von Eßwaren zur Abgabe ihrer Ware gefügiger zu
543 1166 1120 1226 machen, empört abgewiesen wird.
584 1211 1481 1267 Des Mörders Behauptung, daß ihm der heilige Anto-
545 1261 1484 1313 nius in der Zelle erschienen sei, wurde mit Recht als
545 1312 1487 1363 Flunkerei gewertet. Derlei elende Versuche, sich bei ei-
545 1362 1487 1410 nem österreichischen Gericht einzuschmeicheln, sind
545 1411 911 1466 doch zu durchsichtig.
590 1455 1484 1506 So entschieden aber die Würdelosigkeit, der morali-
545 1510 1475 1563 sche Tiefstand und der gemeine Egoismus des ewig hung
549 1557 1487 1602 rigen Hirth zu verurteilen ist, so entschieden muß man
539 1609 1490 1651 ihn auch gegen den Vorwurf der Frechheit, deren er sich
549 1652 1484 1703 durch sein Betragen wider Präsidenten, öffentlichen An-
549 1702 1493 1755 kläger und Geschworene schuldig gemacht haben soll, in
545 1756 824 1802 Schutz nehmen.
588 1799 1481 1851 Hirth ist in diesem Punkt ein Opfer seiner volkstümlich¬
545 1851 1481 1898 derben, dialektisch-bildkräftigen Ausdrucksweise gewor-
545 1900 1487 1946 den. Übersetzen wir sein rüdes Idiom in höfliches Hoch¬
549 1947 1484 2003 deutsch, so erscheint seine Frechheit in wesentlich milde-
545 2003 1490 2048 rem Licht. Es ergibt sich dann, daß er nichts anderes gesagt
545 2050 1490 2094 hat, als was jeder vor seinen Richtern Stehende im Inner-
545 2092 1487 2146 sten denkt und gerne sagen würde, wenn er hierzu den Mut
549 2145 1484 2195 fände und nicht fürchten müßte, durch so betätigte Wahr-
551 2195 1397 2242 heitsliebe seine Situation erheblich zu verschlechtern.
549 2269 628 2323 ﻿266
1919 679 2821 738 Übersetzen wir die Sprache des Angeklagten: Hirth in
1881 736 2650 779 die Sprache eines Angeklagten: Doktor Hirth.
1914 793 2820 841 Auf die Frage des Vorsitzenden: «Warum hat man Sie
1875 841 2440 883 denn so traktiert bei der Polizei?»
1875 883 2184 940 Hirth (mürrisch):
2370 885 2763 949 Dr. Hirth (bescheiden):
1876 935 2305 987 «Was fragen S’ denn? Sie
2370 936 2747 987 «Das ist wohl eine rein
1871 979 2273 1043 san doch ka Heuriger.»
2370 986 2762 1035 rhetorische Frage, Herr
2368 1033 2752 1091 Oberlandesgerichtsrat!
2362 1082 2789 1130 Herr Oberlandesgerichts¬
2364 1133 2805 1186 rat sind ein viel zu genauer
2361 1186 2781 1242 Kenner der polizeilichen
2370 1229 2765 1290 Wahrheit-Ergründungs-
2372 1282 2763 1337 praxis, um nicht zu wis¬
2362 1328 2757 1378 sen, zu welchem Zweck
2361 1377 2746 1435 einem ausgehungerten
2362 1427 2805 1482 Häftling, der gestehen soll,
2361 1474 2697 1524 reichlich Speise und
2366 1523 2787 1570 Trank verabreicht wird.»
1871 1590 2428 1650 Auf eine Frage des Staatsanwalts
1864 1635 1986 1684 Hirth:
2364 1635 2544 1691 Dr. Hirth:
1865 1684 2291 1738 «Ich hasse Leute von der
2362 1690 2781 1747 «Ich hasse Leute von der
1865 1730 2234 1787 Polizei, weil sie schon
2362 1737 2726 1786 Polizei, weil sie schon
1875 1786 2272 1844 viele Ungerechtigkeiten
2364 1791 2766 1845 viele Ungerechtigkeiten
1863 1836 2249 1890 an der Menschheit be¬
2358 1833 2739 1884 an der Menschheit be¬
1869 1883 2088 1940 gangen hat.»
2352 1889 2586 1947 gangen hat.»
1865 1954 2801 2001 Auf eine Bemerkung des Präsidenten über eine bela-
1862 2001 2249 2058 stende Zeugenaussage:
1865 2050 1978 2099 Hirth:
2362 2049 2534 2097 Dr. Hirth:
1868 2100 2272 2156 «Sie wissen eh’, daß das
2358 2099 2739 2163 «Es liegt im Wesen des
1869 2147 2314 2195 alles a Lug’ is. Aber Ihnen
2356 2156 2746 2210 normierten Prozeßver¬
1875 2199 2099 2257 paßt es halt.»
2340 2201 2795 2266 fahrens, daß der Herr Prä¬
