3508 2479
868 660 1186 731 Buchbesprechung
558 752 1499 819 KöRzLiCH war ich in Bolivia. Der Mensch hat nun
561 819 1499 867 einmal die Sehnsucht ins Weite, fort, zu neuen Ländern
561 867 1499 914 und neuen Sternen. Die Reise aber, nach St. Pölten etwa
558 914 1497 964 oder nach Vöslau, stößt heute auf allzu gewaltige
561 970 1495 1011 Schwierigkeiten. Also wählte ich Bolivia. Das heißt: ich
561 1010 1493 1058 entnahm der Leihbibliothek das Buch des Dr. Theodor
558 1061 1503 1107 Herzog, Privatdozenten für Botanik an der Technischen
558 1110 1499 1154 Hochschule in Zürich: «Vom Urwald zu den Gletschern
558 1154 836 1212 der Kordillere».
608 1206 1503 1258 Wenn ich nicht irre, hat Bolivia den Zentralmächten
554 1258 1493 1306 noch nicht den Krieg erklärt. Also darfich sagen, daß das
561 1305 1495 1354 Reisen durch seine ungekannten Wälder und der Auf-
563 1354 1499 1402 stieg auf seine unerstiegenen Berge sehr anregend ist, die
561 1402 1495 1451 Sinne erquickend und den Geist mit großartig-bunten
558 1454 825 1499 Bildern füllend.
600 1506 1493 1546 Am schönsten ist’s im Urwald. Weit und breit keine
561 1547 1495 1601 Menschen. Nur Tiere und Pflanzen, Hitze und endloser
563 1601 1495 1650 Regen und das Brüten der Einsamkeit. Was für Pflanzen!
558 1650 1490 1699 Schon ihre lateinischen Namen haben was Berauschen-
558 1699 1495 1747 des. Es klingt so fern allem Gemeinen und Niedrigen, wie
561 1746 1493 1794 fromme Latinität, wie Andacht, wie ein Stück heiliger
566 1794 826 1851 Urwaldliturgie.
602 1843 1505 1898 Mit welcher keuschen Zärtlichkeit Dr. Herzog von
561 1898 1503 1938 den Pflanzen spricht! Er nennt sie nur beim gelehrten
567 1944 1487 1987 Namen und setzt hinzu: «die großblättrige», «der feuer
561 1990 1493 2040 rot blühende», «die stachelstarrende», «die ockerfar-
558 2042 1490 2091 bene» u. dgl. Es ist nüchtern und doch homerisch. Gese-
554 2087 1493 2138 hen und empfunden. Beschrieben und ästhetisch gewer-
558 2138 1135 2185 tet. Es ist Wissenschaft und Liebe.
600 2185 1497 2235 Den Schmetterlingen widerfährt nicht so umständ-
552 2264 639 2314 ﻿270
1863 670 2810 715 liche Ehre. Aber ihre dekorative Bedeutung ist in helles
1865 721 2804 763 Licht gerückt. Ihr «farbiges Getümmel» im hitzegebade¬
1869 768 2689 826 ten, dampfenden Urwald wird gleißend lebendig.
1904 816 2808 867 Es gibt andere Tiere, die nicht des Boliviawanderers
1868 863 2795 914 Entzücken wachrufen. Aber auch hier ist die Schilde-
1859 914 2801 963 rung genußreich. Weniger lyrisch, mehr dramatisch.
1864 962 2807 1019 Wanzen daumengroß! Vinchucas ist ihr poetischer
1869 1009 2805 1058 Name. Nachts «prasseln» sie auf den Boden der Hütte
1865 1060 2789 1108 nieder, in der die alte Indianerin Gastfreundschaft ge
1869 1107 2133 1154 währt. Prasseln!
1901 1162 2801 1211 Nette Geschichten hört man vom Ameisenbären ...
1859 1220 2801 1266 «Selbst der Jaguar soll zuweilen der Umklammerung
1863 1263 2797 1316 dieses Tieres zum Opfer fallen. Im Tode noch schlägt
1857 1305 2801 1355 ihm der Ameisenbär die Krallen so tief und unlösbar in
1859 1355 2801 1402 den Leib, daß der Sieger in den verkrampften Armen
1863 1405 2798 1451 seiner toten Beute verenden muß.» Das schaut heraus
1864 1447 2183 1507 beim Sieg-Frieden!
1896 1499 2800 1546 Es gibt noch Indianer in Bolivia mit Pfeil und Bogen.
1859 1545 2798 1602 Die wilden Stämme lauern im verfilzten Dickicht des
1871 1601 2798 1650 Waldes. Ihre Widerhakenpfeile zischen plötzlich durchs
1859 1644 2798 1699 Laub, todbringend. Die friedlichen Stämme roboten
1864 1703 2798 1754 agrarisch. Sie spielen auch Hockey und tanzen in brau¬
1862 1753 2795 1804 ner fast-Nacktheit ekstatische Tänze. Sie sind schön, gut-
1863 1794 2580 1843 mütig und leidenschaftlich gern betrunken.
1895 1844 2792 1889 Im Urwald von Bolivia ist es nicht gemütlich. Der
1863 1891 2792 1938 Himmel schüttet Sturzozeane herab, Blitze zickzacken
1859 1940 2792 1994 bündelweise nieder, der Wanderer wandert nicht, son-
1859 1988 2795 2042 dern ertrotzt sich mit Beil und Messer einen unendlich
1853 2042 2796 2091 mühevollen Weg durch grüne, dornbewehrte Mauern.
1859 2091 2801 2138 Die Hitze kocht ihm das Blut im Leibe zu wilden Fiebern
1852 2138 2787 2186 auf, Vinchucas prasseln auf sein Ruhelager, Schweißbie-
1857 2199 2798 2235 nen bedecken wie mit einem lückenlosen lebenden
