3508 2479
597 586 1532 643 Schleier sein Antlitz und seinen Nacken. Es ist ungemüt-
593 650 677 691 lich.
636 686 1536 738 Aber ein Gefühl der innigsten Sehnsucht nach dieser
597 739 1538 782 wilden Wildnis durchflutet das Herz des Europäers. Wie
595 783 1538 836 schön ist primitive Roheit neben komplizierter! Wie
602 830 1539 897 paradiesisch die Strapaze des Urwalds gegen die der
593 881 1538 937 Zivilisation! Wie erträglich kann ein Leben in Schmutz,
602 930 1543 985 Gefahr und Drangsal sein, wenn die Natur und nicht
602 979 1542 1034 Menschenwille es anbefiehlt! Wie romantisch ein Dasein
600 1025 1544 1081 unter Urwaldverhältnissen, wenn es nicht Gipfelpunkt
600 1081 1055 1138 der Kulturentwicklung ist!
636 1133 854 1179 Ach Bolivia!
964 1217 1181 1275 Der Posten
608 1305 1551 1363 VoR dem Hause steht ein Posten. Er steht da, sonst tut
612 1368 1544 1427 er nichts. Manchmal fällt ihm ein, es wäre doch eine
606 1430 1545 1474 Abwechslung, jetzt ein wenig auf und ab zu gehen. Dann
608 1466 1547 1521 macht er eine Viertelwendung (so scharf, als gälte es, ein
606 1516 1539 1570 Eck in die Luft zu biegen), geht auf dem schmalen Holz-
614 1563 1547 1618 brettchen, das zu solchem Zwecke vorhanden ist, bis an
608 1611 1550 1669 des Brettchens Ende, kehrt dort um, marschiert zurück
611 1661 1550 1721 und steht wieder eine Weile still, durch die unsichtbaren
614 1722 1545 1768 Gitterstäbe seines Luftkäfigs teilnahmlos die Straße be-
607 1770 767 1826 guckend.
651 1812 1197 1866 So treibt er’s zwei Stunden lang.
653 1866 1550 1911 Wenn ein Vorgesetzter kommt, wächst der Posten um
613 1907 1550 1963 einen halben Kopf in die Höhe, sein Kinn reckt sich gen
618 1956 1553 2009 Himmel, der Blick wird starr, die rechte Hand gleitet an
612 2001 1551 2058 dem Gewehrriemen sausend abwärts. Man hört es förm-
618 2053 1556 2113 lich wie ein Glissando von der höheren Tonlage in den
611 2106 1556 2162 Baß. Eine Sekunde steht der Posten da, als wär’ er mit
611 2196 689 2242 ﻿272
1898 576 2828 627 Kurare vergiftet. Dann löst sich der Respektskrampf,
1896 627 2834 673 und der Soldat schüttelt kurz den Oberkörper, wie ein
1890 676 2527 723 Hund, der eben aus dem Wasser kam.
1934 723 2831 770 Der Posten hat nicht nur ein Brettchen, sondern auch
1896 776 2828 817 ein Häuschen. Ein sogenanntes Schilderhäuschen. Ei-
1898 827 2828 875 gentlich ist es gar kein Häuschen, sondern ein Futteral.
1890 873 2831 913 Ein hölzernes, auf dem Erdboden festgenageltes Men-
1892 921 2831 963 schenetui. Für einen Durchschnittssoldaten paßt es zur
1892 971 2826 1015 Not. Ein friderizianischer Grenadier ginge nur in Fort-
1890 1016 2192 1068 setzungen hinein.
1929 1061 2831 1114 Ich weiß nicht, wer in dem Hause wohnt, vor dem der
1890 1115 2831 1159 Mann Posten steht. Ich weiß nicht, ob überhaupt je-
1896 1165 2834 1217 mand drin wohnt. Aber ich weiß, daß der Soldat nur um
1890 1211 2831 1258 der Ehre willen vor dem Tor steht. Um der Ehre dessen
1889 1273 2831 1315 willen, der in dem Hause wohnen könnte, wenn er hiezu
1892 1310 2075 1355 Lust hätte.
1925 1353 2828 1401 Dieser Mensch also, der da auf dem Brettchen hin und
1890 1402 2833 1455 her marschiert, ist das reinste Dekorationsstück. Er heißt
1890 1455 2837 1505 zwar «Wache», hat aber gar nichts zu bewachen. Er ist
1889 1500 2162 1563 nur ein Symbol.
1937 1549 2828 1603 Das heraldische Wappentier ist auch ein Symbol, aber
1892 1602 2834 1650 noch niemand ist es eingefallen, einem Edelmann, in
1897 1650 2831 1699 dessen Wappen zum Beispiel der Löwe etwas tut oder
1890 1700 2834 1747 hält, einen lebendigen, alle zwei Stunden ablösbaren
1898 1747 2449 1794 Löwen übers Haustor zu fixieren.
1931 1801 2831 1850 Und so meine ich: die Ehrenposten, die nur dastehen,
1902 1849 2828 1896 um eine Hochachtungsidee zu verkörpern, sollten nicht
1898 1898 2831 1938 von lebenden, sondern von künstlichen Soldaten bezo-
1891 1944 2831 1995 gen werden. Von Holz- oder Blechsoldaten. Weil man zu
1898 1994 2828 2051 Dekorationsstücken nicht Wesen aus Fleisch und Blut,
1886 2042 2661 2090 sondern nur totes Material verwenden dürfte.
1935 2091 2828 2137 Wobei ich noch darauf hinweisen will, welche dank-
2757 2172 2839 2228 273
