3508 2479
561 628 1508 674 baren Aufgaben dem heimischen Kunstgewerbe durch
558 682 1451 722 die Erzeugung solcher Ehrenposten geboten würden.
868 813 1193 867 Die kleinen Leute
566 902 1495 971 INDES aller Leim, der die Welt zusammenhält, weich
567 977 1499 1018 wird, alle Scharniere sich lockern, Neues und Altes
558 1019 1499 1067 durcheinanderstürzt, die Ordnungen wie die Waggons
558 1069 1495 1110 eines entgleisten Zuges sich spießen, sich ineinander ver-
556 1119 1495 1171 keilen oder, gänzlich umgeworfen, ihren nackten, toten
558 1166 1495 1210 Mechanismus exhibieren, geht das Leben doch seinen
567 1212 782 1267 Gang weiter.
599 1260 1497 1315 Die Anständigkeit der kleinen Leute bewirkt solches
566 1308 708 1355 Wunder
597 1360 1493 1409 Sorgfältig kehrt der Straßenfeger den Kot in die Ka-
561 1410 1503 1459 nalrinne, der Laternenanzünder putzt die Glasscheiben
563 1458 1493 1506 seiner Straßenlampen, der Straßenbahnschaffner
563 1512 1495 1555 quetscht sich durch unmutige Passagierknäuel und
556 1557 1493 1610 knipst an der richtigen Stelle ein Loch in den Fahrschein,
561 1608 1493 1658 das Putzweib liegt auf Knien und scheuert schwitzend
561 1657 1493 1707 die Stiege, der Schornsteinfeger bekriecht schwärzlich
550 1713 1499 1754 die Kamine, der Kellner bringt dem frechen Gast die
552 1753 1487 1803 Suppe, ohne vorher hineinzuspucken, der Briefträger
552 1804 1493 1850 schleppt sein Postpäckchen treppauf, treppab, obgleich
554 1855 1490 1907 erja, nicht wahr, die Hälfte der Briefe wegwerfen könnte,
558 1899 1295 1947 um Weg zu ersparen. Warum tut er’s nicht?
593 1949 1484 1995 An dem heiligen Automatismus der Kleinen-Leute-
552 1996 1493 2042 Arbeit übt das Weltwirrsal wenig Störung. Wie ew’gem
552 2048 1495 2092 Gesetz folgend kreisen die kleinen Tätigkeiten und klei-
554 2090 791 2138 nen Pflichten.
591 2139 1499 2190 Die Mensch-Ameise läuft, schleppt, gräbt, ob auch der
545 2220 634 2275 ﻿274
1850 640 2795 708 Fuß Gottes vernichtend in ihren gängereichen Bau trat
1851 700 2554 747 und Millionen Wimmelnder zerquetschte.
1889 741 2788 796 Seht, wie das Perpetuum der winzigen, unschein-
1840 788 2781 850 baren, grauen Geschäftigkeiten weiter seine vielver-
1840 846 2783 907 schlungenen Kreise zieht! Das Selbstverständliche, das es
1842 882 2234 939 doch gar nicht ist, hält!
1885 928 2778 1010 Tausend Hände — die Menschen, die dran hängen,
1840 980 2770 1051 bleiben unbemerkt — flechten und flicken immer wieder
1834 1043 2777 1099 den Kanevas, in den die «Kultur» ihre komplizierteren
1838 1078 2772 1146 Muster stickt. Die Individuen sterben, die Hände blei-
1837 1125 1917 1171 ben.
1876 1171 2778 1234 Von Gnaden der kleinen Leute leben wir. Ihre uner-
1829 1230 2769 1290 schütterliche Bravheit hat was Sonnenähnliches: sie ge-
1831 1285 2774 1345 währleistet Urbedingungen des sozialen Seins. Sie geht
1840 1322 2770 1395 jeden Morgen neu auf. Sie dient in blinder, unbeirrbarer
1831 1373 2768 1441 Verläßlichkeit Gerechten wie Ungerechten. Ohne sie
1823 1428 2448 1482 stürzte die Welt in Nacht und Kälte.
1864 1477 2771 1538 Ich will lieber die Büste meines Briefträgers auf den
1825 1524 2641 1586 Schreibtisch stellen als die des großen Napoleon.
2119 1657 2471 1739 Soziale Unordnung
1829 1739 2763 1836 WAs wünschen Sie zum Abendbrot?» fragte der Ge-
1819 1812 2759 1883 fängnisdirektor den armen Sünder, der morgen früh am
1817 1865 2759 1929 Galgen sterben sollte. «Sie dürfen essen und trinken, was
1819 1909 2228 1962 und wieviel Sie wollen.»
1853 1972 2757 2027 «Schade!» sagte der Delinquent. «Schade!! Wenn Sie
1813 2009 2753 2074 mich das drei Monate früher gefragt hätten, wär’ der
1813 2058 2374 2124 ganze Raubmord nicht passiert.»
2674 2255 2758 2307 275
